@article{ethyellowpaper,
    author  = "Dr. Gavin Wood",
    title   = "Ethereum Yellow Paper: a formal specification of Ethereum, a programmable blockchain",
    year    = "2022",
    url = {{https://ethereum.github.io/yellowpaper/paper.pdf}}
}


@Article{mevethfoundation,
    url = {{https://ethereum.org/en/developers/docs/mev}},
    Publisher = {{Ethereum Foundation}},
    author = {Ethereum Foundation},
    year    = "2022",
    title = {{Maximal Extractable Value (MEV)}}
}