@article{greenwade93,
    author  = "George D. Greenwade",
    title   = "The {C}omprehensive {T}ex {A}rchive {N}etwork ({CTAN})",
    year    = "1993",
    journal = "TUGBoat",
    volume  = "14",
    number  = "3",
    pages   = "342--351",
    url = {{https://ethereum.org/en/developers/docs/mev}}
}


@Article{mevethfoundation,
    url = {{https://ethereum.org/en/developers/docs/mev}},
    Publisher = {{Ethereum Foundation}},
    author = {Ethereum Foundation},
    year    = "2022",
    title = {{Maximal Extractable Value (MEV)}}
}